<?xml version="1.0" encoding="UTF-8"?><collection xmlns="http://www.loc.gov/MARC21/slim"><record><leader>00476nam--2200133-i-4500</leader><controlfield tag="001">000030567</controlfield><controlfield tag="002">20161230</controlfield><controlfield tag="005">20161230201038</controlfield><controlfield tag="008">060222s1000------------r-----000-0-eng-d</controlfield><datafield ind1=" " ind2=" " tag="080"><subfield code="a">001.89</subfield></datafield><datafield ind1=" " ind2=" " tag="245"><subfield code="a">Liste mondiale.universites.aitres etablissements d`enseignement superieur organisations universitaires.1969.neuvieme edition</subfield></datafield><datafield ind1=" " ind2=" " tag="260"><subfield code="a">Paris, Association Internationale Des Universites, 1969. Xviii+496p</subfield></datafield><datafield ind1=" " ind2=" " tag="700"><subfield code="a">(Redacteurs:Keyes, H.M.R., Aitken, D.J.)</subfield></datafield><datafield ind1=" " ind2=" " tag="852"><subfield code="a">33310</subfield></datafield></record></collection>